2880 4726
714 1056 766 1132 1.

439 1266 512 1353 Ile
543 1265 742 1354 (liversis
774 1205 1055 1356 Theonibus.

243 1691 337 1812 Multi
360 1748 435 1810 sunt
458 1744 652 1828 scriptores,
676 1742 793 1827 quibus
817 1742 928 1810 Theon
950 1749 1000 1808 est
1021 1764 1139 1809 nomen
1162 1765 1316 1829 quorum·

174 1887 237 1950 que
270 1870 328 1933 aut
362 1867 484 1950 scripta
518 1865 703 1930 etiamnunc
736 1863 885 1929 manibus
918 1864 1055 1930 terimus
1088 1865 1218 1949 integra
1255 1871 1314 1932 aut

173 1976 356 2062 fragmenta
379 1977 449 2043 sola
470 1979 640 2044 innotuere
670 1982 729 2042 aut
758 1977 925 2042 nominum
953 1981 1041 2043 certe
1071 1976 1160 2061 apud
1188 1982 1314 2043 veteres

175 2091 349 2174 scriptores
377 2088 416 2154 fit
437 2090 568 2156 mentio.
623 2089 710 2168 Quos
741 2111 841 2172 quum
872 2093 1000 2155 constet
1029 2111 1049 2155 a
1079 2088 1315 2156 recentioribus

172 2195 385 2286 scriptoribus
409 2221 640 2286 saepenumero
657 2199 806 2266 confusos
823 2222 901 2281 esse,
925 2222 1056 2268 necesse
1078 2201 1157 2267 mihi
1179 2200 1308 2267 videtur

173 2319 211 2379 ut
232 2319 351 2398 agatur
375 2313 415 2379 de
438 2313 596 2379 omnibus.

239 2427 333 2491 Anno
367 2426 488 2492 saeculi
521 2425 638 2492 decimi
673 2426 803 2511 septimi
836 2425 1045 2511 nonagesimo
1078 2427 1184 2512 primo
1217 2427 1315 2493 Ionae

175 2536 358 2605 Schmidius
381 2537 421 2604 de
437 2537 635 2623 Hipparcho,
652 2537 836 2604 Theonibus
852 2545 886 2603 et
900 2539 1046 2625 Hypatio
1068 2539 1177 2605 emisit
1199 2538 1317 2605 disser-

174 2651 343 2731 tationem,
368 2671 466 2735 quam
490 2650 532 2717 ad
555 2671 687 2716 manum
709 2651 788 2716 mihi
803 2672 869 2716 non
890 2649 990 2717 fuisse
1014 2650 1201 2736 frustraque
1223 2672 1315 2718 arne

173 2763 209 2827 in
230 2761 435 2828 bibliothecis
452 2764 634 2847 quaesitam
655 2784 725 2829 esse
740 2766 960 2847 maximopere
984 2762 1087 2830 doleo.
1100 2765 1125 2850 1)
1171 2764 1315 2844 Quorum

176 2875 278 2959 igitur
294 2875 460 2940 Theonum
475 2877 672 2941 mentionem
695 2875 808 2942 fecerit
825 2874 1016 2957 Schmidius,
1040 2897 1174 2961 prorsus
1190 2879 1314 2961 ignoro.

59 2994 66 3005 '
175 2988 236 3067 Qui
259 2993 390 3072 praeter
412 2987 505 3054 illum
529 2988 674 3067 diuersos
689 2987 826 3054 laudant
842 2989 998 3070 Theones,
1014 2988 1153 3071 Ionsius,
1170 2988 1314 3072 Vossius,
1431 2970 1434 2975 ⁵

174 3099 298 3181 Saxius,
323 3100 572 3184 Hamhergerus,
606 3099 796 3182 Schoellius,
826 3100 1007 3183 Fabricius,
1038 3099 1316 3184 Westermannus,

171 3212 324 3297 Paulyns,
340 3212 405 3293 alii,
429 3213 464 3278 in
479 3211 571 3278 libris
587 3234 645 3279 suo
660 3212 732 3279 loco
748 3213 941 3295 indicandis,
957 3213 1116 3298 imprimis
1131 3233 1208 3279 vero
1222 3215 1247 3281 Ι.
1271 3214 1316 3282 ds
1344 3298 1347 3302 .

173 3324 376 3406 Gelderus,
401 3327 458 3409 qui
477 3325 575 3411 paulo
591 3325 693 3392 fusius
709 3347 820 3393 omnes
835 3326 914 3409 fere,
937 3328 995 3411 qui
1010 3333 1314 3408 commemorantur,

174 3436 321 3504 Theches
355 3445 502 3504 recenset
534 3440 569 3504 in
601 3440 839 3524 prolegomenis
872 3439 915 3504 ad
952 3439 1111 3521 ,Theonis
1147 3439 1316 3526 Smyrnaei

172 3549 336 3616 Platonici
353 3552 588 3636 expositionem
603 3573 715 3618 eorum
730 3573 814 3635 quae
830 3553 865 3618 in
876 3551 1101 3618 arithmeticis
1117 3552 1160 3619 ad
1170 3553 1317 3620 Platonis

174 3664 347 3730 lectionem
362 3664 458 3730 utilia
473 3669 550 3730 sunt
566 3664 683 3749 (Lugd.
700 3666 771 3732 Bat.
793 3667 899 3751 1827),
923 3685 992 3731 rem
1015 3665 1120 3751 magis
1135 3667 1318 3752 attigerunt

175 3862 380 3872 ...mu—...-

228 3978 248 4041 1)
267 3974 305 4029 Et
322 3974 380 4046 ipsc
399 3974 577 4043 Schmidtius,
604 3975 714 4047 glttdpttt.
732 3977 751 4047 t.
770 3977 876 4049 ilitertt.
896 3978 971 4034 1853.
989 3994 1016 4048 p.
1035 3977 1099 4046 523,
1124 3975 1226 4032 trustra
1243 3977 1319 4033 illam

175 4070 391 4126 dissertationem
410 4086 439 4126 se
458 4072 624 4141 quaesivisse
643 4072 754 4142 fatetur3
772 4073 875 4144 Paulyo
892 4088 958 4129 vero
975 4077 1041 4129 nota
1058 4077 1117 4129 erat
1133 4071 1203 4128 haec
1220 4073 1318 4129 disser-

169 4166 249 4234 tatio,
271 4166 347 4222 cuius
365 4167 492 4239 paginam
513 4169 552 4221 14.
571 4168 669 4238 inspici
686 4168 760 4224 iubet
777 4169 805 4223 in
823 4168 922 4240 encycl.
940 4184 960 4223 r.
980 4168 1027 4242 ph.
1046 4169 1093 4226 VI.
1112 4169 1136 4226 2.
1155 4187 1181 4240 p.
1202 4170 1280 4229 1797..
