2880 4726
702 177 723 250 3

611 273 816 288 m

212 401 302 479 Quae
332 419 431 482 quum
460 400 508 463 ita
538 399 618 477 sint,
654 397 716 463 hae
747 416 845 462 causa
880 403 1045 481 permotus
1082 396 1282 479 gravissima,
1365 398 1368 403 '

149 512 236 598 quod
258 511 322 576 huc
345 531 447 593 usque
469 510 579 574 nullus
606 509 701 575 homo
725 516 882 592 quantum
906 509 972 574 scio
994 506 1152 592 peculiari
1172 504 1282 573 libello

149 625 289 690 Theonis
312 621 448 704 effigiem
472 623 566 705 quasi
595 623 726 706 pulvere
750 621 923 687 obductam
946 641 963 686 e
987 620 1052 684 situ
1074 618 1282 705 tenebrisque

147 738 182 802 in
206 738 278 799 luce
302 733 472 799 collocarit
495 732 640 815 clariore,
664 756 729 799 non
752 755 846 818 spero
870 753 969 818 opera
987 738 1020 798 et
1035 733 1101 798 otio
1116 731 1282 798 maluisse

147 848 335 926 obesorum,
359 847 395 926 si,
419 866 502 928 quae
526 845 565 910 dc
581 847 710 911 Thoone
733 845 838 911 adhuc
862 853 990 911 exstant
1013 865 1112 928 quum
1135 866 1174 910 ex
1198 844 1286 937 anti-1
1388 860 1393 869 ’

147 960 282 1044 quitatis
294 964 364 1024 tum
375 959 566 1024 recentioris
574 959 729 1042 temporis
742 957 955 1041 scriptoribus
967 957 1163 1038 testimonia,
1174 957 1280 1023 denno

146 1092 270 1136 summa
300 1093 372 1136 cum
401 1090 478 1137 cura
508 1069 693 1153 collegerim
720 1078 819 1153 atque
846 1073 932 1135 inter
961 1092 994 1135 se
1017 1071 1281 1154 comparaverim,

145 1204 248 1267 neque
264 1190 343 1268 puto
359 1188 436 1250 1111
450 1204 502 1247 me
525 1203 630 1264 agere,
654 1181 720 1261 sed,
744 1203 843 1264 quum
858 1180 939 1246 nihil
962 1183 1005 1246 sit
1027 1182 1060 1245 in
1077 1180 1192 1246 studiis
1208 1202 1282 1266 par·

146 1317 235 1376 vum,
271 1295 417 1360 conferre
451 1293 575 1376 aliquid
607 1293 650 1358 ad
683 1296 913 1377 grammaticae
943 1315 1080 1378 graecae
1113 1292 1282 1360 historiam

146 1404 409 1491 componendam.

209 1517 288 1583 Rern
312 1537 387 1582 vero
410 1537 515 1581 meam
537 1517 585 1581 111
605 1518 785 1612 instituam,
809 1524 846 1582 ut

298 1630 464 1715 primum
494 1630 538 1694 dc
566 1629 735 1695 diversis
766 1651 873 1714 agam
898 1629 1135 1712 Theonibus,
1166 1631 1232 1715 qui
1261 1651 1282 1696 a

251 1740 453 1808 veteribus
476 1743 739 1828 scriptoribus
762 1751 1126 1824 commemorantur,

298 1854 440 1920 deinde
464 1875 481 1920 e
504 1876 642 1939 magno
665 1856 855 1937 virorum,
887 1856 1029 1940 quibus
1057 1877 1195 1922 nomen
1224 1863 1282 1922 est

251 1967 397 2047 Theon,
421 1987 578 2032 numero
601 1968 688 2050 quis
712 1967 840 2033 Theon
862 1966 982 2033 fuerit
1005 1949 1282 2052 grammaticus

252 2078 528 2157 demonstrem

298 2195 379 2255 tum
402 2189 448 2255 cle
470 2188 676 2274 operibus,
711 2211 810 2275 quae
833 2190 896 2256 illi
919 2192 997 2257 sint
1027 2191 1279 2275 vindicanda,

251 2303 342 2368 mihi
365 2278 443 2368 er'it
465 2302 746 2387 disputandum
769 2303 890 2388 deque
914 2303 1161 2388 fragmentiS,
1185 2327 1281 2389 quae

252 2436 389 2499 sparsa
418 2422 626 2500 apparent,
657 2416 824 2483 Theonis
846 2417 1002 2482 nomine
1025 2424 1093 2482 aut
1123 2418 1280 2503 adiecto

252 2533 321 2592 aut
343 2528 499 2607 omisso,
521 2529 561 2592 in
583 2534 756 2594 veterum
779 2529 922 2593 lexicis
945 2549 988 2594 11
1011 2529 1182 2594 scholiis.
